%YAML 1.1
%TAG !u! tag:unity3d.com,2011:
--- !u!114 &5009661561491940195
MonoBehaviour:
  m_ObjectHideFlags: 0
  m_CorrespondingSourceObject: {fileID: 0}
  m_PrefabInstance: {fileID: 0}
  m_PrefabAsset: {fileID: 0}
  m_GameObject: {fileID: 10838855915481191}
  m_Enabled: 1
  m_EditorHideFlags: 0
  m_Script: {fileID: 11500000, guid: c6b2c40ea40045e4c8e5318680a12fc2, type: 3}
  m_Name: 
  m_EditorClassIdentifier: 
  grunt: {fileID: 8300000, guid: 503d52362146b48419da381656acb0e2, type: 3}
  useSkill: 0
  coordinates: {x: 0, y: 0, z: 0}
  enteringPosition: 0
  moving: 0
  isActionUsed: 0
  isHealthUpdated: 0
  isUpdatingHealth: 0
  facingDirection: 
  positions: []
  type: 0
  additionalPositions: []
  health: 0
  itemSlots:
  - {fileID: 5009661561997249842}
  - {fileID: 5009661560685059688}
  - {fileID: 0}
  - {fileID: 0}
  - {fileID: 0}
  isSelected: 0
  isActionMode: 0
  skillHighlight: []
  giveHighlights: []
  pushHighlights: []
--- !u!82 &6241188481980650052
AudioSource:
  m_ObjectHideFlags: 0
  m_CorrespondingSourceObject: {fileID: 0}
  m_PrefabInstance: {fileID: 0}
  m_PrefabAsset: {fileID: 0}
  m_GameObject: {fileID: 10838855915481191}
  m_Enabled: 1
  serializedVersion: 4
  OutputAudioMixerGroup: {fileID: 0}
  m_audioClip: {fileID: 0}
  m_PlayOnAwake: 1
  m_Volume: 1
  m_Pitch: 1
  Loop: 0
  Mute: 0
  Spatialize: 0
  SpatializePostEffects: 0
  Priority: 128
  DopplerLevel: 1
  MinDistance: 1
  MaxDistance: 500
  Pan2D: 0
  rolloffMode: 0
  BypassEffects: 0
  BypassListenerEffects: 0
  BypassReverbZones: 0
  rolloffCustomCurve:
    serializedVersion: 2
    m_Curve:
    - serializedVersion: 3
      time: 0
      value: 1
      inSlope: 0
      outSlope: 0
      tangentMode: 0
      weightedMode: 0
      inWeight: 0.33333334
      outWeight: 0.33333334
    - serializedVersion: 3
      time: 1
      value: 0
      inSlope: 0
      outSlope: 0
      tangentMode: 0
      weightedMode: 0
      inWeight: 0.33333334
      outWeight: 0.33333334
    m_PreInfinity: 2
    m_PostInfinity: 2
    m_RotationOrder: 4
  panLevelCustomCurve:
    serializedVersion: 2
    m_Curve:
    - serializedVersion: 3
      time: 0
      value: 0
      inSlope: 0
      outSlope: 0
      tangentMode: 0
      weightedMode: 0
      inWeight: 0.33333334
      outWeight: 0.33333334
    m_PreInfinity: 2
    m_PostInfinity: 2
    m_RotationOrder: 4
  spreadCustomCurve:
    serializedVersion: 2
    m_Curve:
    - serializedVersion: 3
      time: 0
      value: 0
      inSlope: 0
      outSlope: 0
      tangentMode: 0
      weightedMode: 0
      inWeight: 0.33333334
      outWeight: 0.33333334
    m_PreInfinity: 2
    m_PostInfinity: 2
    m_RotationOrder: 4
  reverbZoneMixCustomCurve:
    serializedVersion: 2
    m_Curve:
    - serializedVersion: 3
      time: 0
      value: 1
      inSlope: 0
      outSlope: 0
      tangentMode: 0
      weightedMode: 0
      inWeight: 0.33333334
      outWeight: 0.33333334
    m_PreInfinity: 2
    m_PostInfinity: 2
    m_RotationOrder: 4
--- !u!1 &5009661560685059688
GameObject:
  m_ObjectHideFlags: 0
  m_CorrespondingSourceObject: {fileID: 0}
  m_PrefabInstance: {fileID: 0}
  m_PrefabAsset: {fileID: 0}
  serializedVersion: 6
  m_Component:
  - component: {fileID: 5009661560685059689}
  m_Layer: 0
  m_Name: BackSlot
  m_TagString: Untagged
  m_Icon: {fileID: 0}
  m_NavMeshLayer: 0
  m_StaticEditorFlags: 0
  m_IsActive: 1
--- !u!4 &5009661560685059689
Transform:
  m_ObjectHideFlags: 0
  m_CorrespondingSourceObject: {fileID: 0}
  m_PrefabInstance: {fileID: 0}
  m_PrefabAsset: {fileID: 0}
  m_GameObject: {fileID: 5009661560685059688}
  m_LocalRotation: {x: 0.33134302, y: 0.27142435, z: 0.6415756, w: 0.6363345}
  m_LocalPosition: {x: 0.0086, y: 0.0137, z: 0.0276}
  m_LocalScale: {x: 0.01, y: 0.01, z: 0.01}
  m_Children: []
  m_Father: {fileID: 10838855915320779}
  m_RootOrder: 3
  m_LocalEulerAnglesHint: {x: 175.79, y: -129.405, z: -87.53998}
--- !u!1 &5009661561997249842
GameObject:
  m_ObjectHideFlags: 0
  m_CorrespondingSourceObject: {fileID: 0}
  m_PrefabInstance: {fileID: 0}
  m_PrefabAsset: {fileID: 0}
  serializedVersion: 6
  m_Component:
  - component: {fileID: 5009661561997249843}
  m_Layer: 0
  m_Name: RightHandSlot
  m_TagString: Untagged
  m_Icon: {fileID: 0}
  m_NavMeshLayer: 0
  m_StaticEditorFlags: 0
  m_IsActive: 1
--- !u!4 &5009661561997249843
Transform:
  m_ObjectHideFlags: 0
  m_CorrespondingSourceObject: {fileID: 0}
  m_PrefabInstance: {fileID: 0}
  m_PrefabAsset: {fileID: 0}
  m_GameObject: {fileID: 5009661561997249842}
  m_LocalRotation: {x: 0.44576204, y: 0.6799001, z: 0.48693985, w: -0.31925178}
  m_LocalPosition: {x: 0.00423, y: 0.00142, z: -0.00284}
  m_LocalScale: {x: 0.010000005, y: 0.01, z: 0.010000001}
  m_Children: []
  m_Father: {fileID: 10838855915320705}
  m_RootOrder: 1
  m_LocalEulerAnglesHint: {x: 251.22, y: 0, z: -113.5}
--- !u!1001 &10838855915450187
PrefabInstance:
  m_ObjectHideFlags: 0
  serializedVersion: 2
  m_Modification:
    m_TransformParent: {fileID: 0}
    m_Modifications:
    - target: {fileID: 100140, guid: 0ee28b0fe03c28b46a773998b90bd5e5, type: 3}
      propertyPath: m_Name
      value: Dietrich
      objectReference: {fileID: 0}
    - target: {fileID: 400140, guid: 0ee28b0fe03c28b46a773998b90bd5e5, type: 3}
      propertyPath: m_LocalPosition.x
      value: 7.49
      objectReference: {fileID: 0}
    - target: {fileID: 400140, guid: 0ee28b0fe03c28b46a773998b90bd5e5, type: 3}
      propertyPath: m_LocalPosition.y
      value: 0.46
      objectReference: {fileID: 0}
    - target: {fileID: 400140, guid: 0ee28b0fe03c28b46a773998b90bd5e5, type: 3}
      propertyPath: m_LocalPosition.z
      value: -7.61
      objectReference: {fileID: 0}
    - target: {fileID: 400140, guid: 0ee28b0fe03c28b46a773998b90bd5e5, type: 3}
      propertyPath: m_LocalRotation.x
      value: 0
      objectReference: {fileID: 0}
    - target: {fileID: 400140, guid: 0ee28b0fe03c28b46a773998b90bd5e5, type: 3}
      propertyPath: m_LocalRotation.y
      value: 0
      objectReference: {fileID: 0}
    - target: {fileID: 400140, guid: 0ee28b0fe03c28b46a773998b90bd5e5, type: 3}
      propertyPath: m_LocalRotation.z
      value: 0
      objectReference: {fileID: 0}
    - target: {fileID: 400140, guid: 0ee28b0fe03c28b46a773998b90bd5e5, type: 3}
      propertyPath: m_LocalRotation.w
      value: 1
      objectReference: {fileID: 0}
    - target: {fileID: 400140, guid: 0ee28b0fe03c28b46a773998b90bd5e5, type: 3}
      propertyPath: m_RootOrder
      value: 0
      objectReference: {fileID: 0}
    - target: {fileID: 400140, guid: 0ee28b0fe03c28b46a773998b90bd5e5, type: 3}
      propertyPath: m_LocalEulerAnglesHint.x
      value: 0
      objectReference: {fileID: 0}
    - target: {fileID: 400140, guid: 0ee28b0fe03c28b46a773998b90bd5e5, type: 3}
      propertyPath: m_LocalEulerAnglesHint.y
      value: 0
      objectReference: {fileID: 0}
    - target: {fileID: 400140, guid: 0ee28b0fe03c28b46a773998b90bd5e5, type: 3}
      propertyPath: m_LocalEulerAnglesHint.z
      value: 0
      objectReference: {fileID: 0}
    - target: {fileID: 400140, guid: 0ee28b0fe03c28b46a773998b90bd5e5, type: 3}
      propertyPath: m_LocalScale.x
      value: 0.5
      objectReference: {fileID: 0}
    - target: {fileID: 400140, guid: 0ee28b0fe03c28b46a773998b90bd5e5, type: 3}
      propertyPath: m_LocalScale.y
      value: 0.5
      objectReference: {fileID: 0}
    - target: {fileID: 400140, guid: 0ee28b0fe03c28b46a773998b90bd5e5, type: 3}
      propertyPath: m_LocalScale.z
      value: 0.5
      objectReference: {fileID: 0}
    - target: {fileID: 9500000, guid: 0ee28b0fe03c28b46a773998b90bd5e5, type: 3}
      propertyPath: m_Controller
      value: 
      objectReference: {fileID: 9100000, guid: ffa41c18a9a9fcd4480c694d1f90c035, type: 2}
    - target: {fileID: 9500000, guid: 0ee28b0fe03c28b46a773998b90bd5e5, type: 3}
      propertyPath: m_ApplyRootMotion
      value: 0
      objectReference: {fileID: 0}
    m_RemovedComponents: []
  m_SourcePrefab: {fileID: 100100000, guid: 0ee28b0fe03c28b46a773998b90bd5e5, type: 3}
--- !u!1 &10838855915481191 stripped
GameObject:
  m_CorrespondingSourceObject: {fileID: 100140, guid: 0ee28b0fe03c28b46a773998b90bd5e5,
    type: 3}
  m_PrefabInstance: {fileID: 10838855915450187}
  m_PrefabAsset: {fileID: 0}
--- !u!4 &10838855915320779 stripped
Transform:
  m_CorrespondingSourceObject: {fileID: 400000, guid: 0ee28b0fe03c28b46a773998b90bd5e5,
    type: 3}
  m_PrefabInstance: {fileID: 10838855915450187}
  m_PrefabAsset: {fileID: 0}
--- !u!4 &10838855915320705 stripped
Transform:
  m_CorrespondingSourceObject: {fileID: 400074, guid: 0ee28b0fe03c28b46a773998b90bd5e5,
    type: 3}
  m_PrefabInstance: {fileID: 10838855915450187}
  m_PrefabAsset: {fileID: 0}
